<?xml version="1.0" encoding="UTF-8"?><collection xmlns="http://www.loc.gov/MARC21/slim"><record><leader>00401nam--2200121-i-4500</leader><controlfield tag="001">000015487</controlfield><controlfield tag="002">20161230</controlfield><controlfield tag="005">20170129224649</controlfield><controlfield tag="008">060222s1000------------r-----000-0-eng-d</controlfield><datafield ind1=" " ind2=" " tag="245"><subfield code="a">Central research institute for physics of the Hungarian Academy of Sciences. Yearbook</subfield><subfield code="b">1983-1984</subfield></datafield><datafield ind1=" " ind2=" " tag="260"><subfield code="a">Budapest</subfield><subfield code="b">Central Research Institute For Physics</subfield><subfield code="c">1985</subfield></datafield><datafield ind1=" " ind2=" " tag="700"><subfield code="a">Keszthelyi, L</subfield></datafield><datafield ind1=" " ind2=" " tag="CAT"><subfield code="a">SYS</subfield><subfield code="c">20170129</subfield><subfield code="h">224649</subfield></datafield></record></collection>